<record><leader>00000cas a22000007a 4500</leader><controlfield tag="001">14184537</controlfield><controlfield tag="008">860905d19471967wiuwr ne      0    0eng d</controlfield><datafield ind1=" " ind2=" " tag="010"><subfield code="a">sn 86086667 </subfield></datafield><datafield ind1=" " ind2=" " tag="040"><subfield code="a">NPV</subfield><subfield code="b">eng</subfield><subfield code="c">NPV</subfield><subfield code="d">OCLCQ</subfield></datafield><datafield ind1=" " ind2=" " tag="042"><subfield code="a">msc</subfield></datafield><datafield ind1=" " ind2=" " tag="045"><subfield code="a">x4x6</subfield></datafield><datafield ind1=" " ind2=" " tag="052"><subfield code="a">4123</subfield><subfield code="b">R6</subfield></datafield><datafield ind1="0" ind2="0" tag="245"><subfield code="a">Milton and Milton Junction courier.</subfield></datafield><datafield ind1=" " ind2=" " tag="260"><subfield code="a">Milton Junction, Wis. :</subfield><subfield code="b">Bowen Print. Co.,</subfield><subfield code="c">1947-1967.</subfield></datafield><datafield ind1=" " ind2=" " tag="300"><subfield code="a">19 v. :</subfield><subfield code="b">ill.</subfield></datafield><datafield ind1=" " ind2=" " tag="310"><subfield code="a">Weekly</subfield></datafield><datafield ind1="0" ind2=" " tag="362"><subfield code="a">Vol. 68, no. 18 (Jan. 2, 1947)-v. 87, no. 13 (Mar. 30, 1967).</subfield></datafield><datafield ind1=" " ind2=" " tag="500"><subfield code="a">Publisher varies.</subfield></datafield><datafield ind1=" " ind2=" " tag="500"><subfield code="a">Editors: F.A. Bowen, Jan. 2, 1947-March 26, 1953; M.P. Flaherty, Nov. 17, 1966-March 30, 1967.</subfield></datafield><datafield ind1=" " ind2=" " tag="530"><subfield code="a">Available on microfilm from The State Historical Society of Wisconsin.</subfield></datafield><datafield ind1=" " ind2=" " tag="752"><subfield code="a">United States</subfield><subfield code="b">Wisconsin</subfield><subfield code="c">Rock</subfield><subfield code="d">Milton.</subfield></datafield><datafield ind1=" " ind2=" " tag="752"><subfield code="a">United States</subfield><subfield code="b">Wisconsin</subfield><subfield code="c">Rock</subfield><subfield code="d">Milton Junction.</subfield></datafield><datafield ind1="0" ind2="0" tag="780"><subfield code="t">Milton Junction telephone</subfield><subfield code="w">(DLC)sn 86086666</subfield></datafield><datafield ind1="0" ind2="0" tag="785"><subfield code="t">Milton courier</subfield><subfield code="w">(DLC)sn 86086668</subfield></datafield><datafield ind1="1" ind2=" " tag="029"><subfield code="a">AU@</subfield><subfield code="b">000025831236</subfield></datafield></record>